<record><leader>00000cas a22000007a 4500</leader><controlfield tag="001">23459388</controlfield><controlfield tag="008">910412d18901984iauwr ne      0    0eng d</controlfield><datafield ind1=" " ind2=" " tag="010"><subfield code="a">sn 91056006 </subfield></datafield><datafield ind1=" " ind2=" " tag="040"><subfield code="a">INP</subfield><subfield code="b">eng</subfield><subfield code="c">INP</subfield><subfield code="d">OCLCQ</subfield></datafield><datafield ind1=" " ind2=" " tag="042"><subfield code="a">msc</subfield></datafield><datafield ind1="0" ind2="0" tag="245"><subfield code="a">Wall Lake blade.</subfield></datafield><datafield ind1=" " ind2=" " tag="260"><subfield code="a">Wall Lake, IA :</subfield><subfield code="b">Wm. F. Schrader,</subfield><subfield code="c">-1984.</subfield></datafield><datafield ind1=" " ind2=" " tag="300"><subfield code="a">v.</subfield></datafield><datafield ind1=" " ind2=" " tag="310"><subfield code="a">Weekly</subfield></datafield><datafield ind1="0" ind2=" " tag="362"><subfield code="a">-v. 97, no. 22 (May 31, 1984).</subfield></datafield><datafield ind1=" " ind2=" " tag="500"><subfield code="a">Publisher varies.</subfield></datafield><datafield ind1=" " ind2=" " tag="588"><subfield code="a">Description based on: 86th year, no. 24 (June 3, 1976).</subfield></datafield><datafield ind1=" " ind2=" " tag="752"><subfield code="a">United States</subfield><subfield code="b">Iowa</subfield><subfield code="c">Sac</subfield><subfield code="d">Wall Lake.</subfield></datafield></record>